@article{ccelikten2016modeling,
  title={Modeling urban behavior by mining geotagged social data},
  author={{\c{C}}elikten, Emre and Le Falher, G{\'e}raud and Mathioudakis, Michael},
  journal={IEEE transactions on Big Data},
  volume={3},
  number={2},
  pages={220--233},
  year={2016},
  publisher={IEEE}
}

@inproceedings{frozza2018approach,
  title={An approach for schema extraction of JSON and extended JSON document collections},
  author={Frozza, Angelo Augusto and dos Santos Mello, Ronaldo and da Costa, Felipe de Souza},
  booktitle={2018 IEEE International Conference on Information Reuse and Integration (IRI)},
  pages={356--363},
  year={2018},
  organization={IEEE}
}

@inproceedings{sevilla2015inferring,
  title={Inferring versioned schemas from NoSQL databases and its applications},
  author={Sevilla Ruiz, Diego and Morales, Severino Feliciano and Garc{\'\i}a Molina, Jes{\'u}s},
  booktitle={Conceptual Modeling: 34th International Conference, ER 2015, Stockholm, Sweden, October 19-22, 2015, Proceedings 34},
  pages={467--480},
  year={2015},
  organization={Springer}
}